@article{Dirac1953888,
  title   = "The lorentz transformation and absolute time",
  journal = "Physica ",
  volume  = "19",
  number  = "1-–12",
  pages   = "888--896",
  year    = "1953",
  doi     = "10.1016/S0031-8914(53)80099-6",
  author  = "P.A.M. Dirac"
}

@article{Feynman1963118,
  title   = "The theory of a general quantum system interacting with a linear dissipative system",
  journal = "Annals of Physics ",
  volume  = "24",
  pages   = "118--173",
  year    = "1963",
  doi     = "10.1016/0003-4916(63)90068-X",
  author  = "R.P Feynman and F.L {Vernon Jr.}"
}

@Article{Cisco2016,
	Title                    = {\textbf{Cisco Visual Networking Index: {G}lobal Mobile Data Traffic Forecast Update, 2015–2020}},
	Author                   = {Cisco},
	Journal                  = {Whitepaper},
	Year                     = {2016},
	
	Month                    = feb,
	
	URL						 = {http://www.cisco.com/c/en/us/solutions/collateral/service-provider/visual-networking-index-vni/complete-white-paper-c11-481360.pdf},
	
	Owner                    = {roberto},
	Timestamp                = {2016.10.06}
}

@ARTICLE{Hossain2015,
	Title					 = {{5G} cellular: {K}ey enabling technologies and research challenges},
	Author					 = {E. Hossain and M. Hasan},
	Journal					 = {{\textbf{IEEE Instrumentation and Measurement Magazine}}},
	
	Year					 = 2015,
	Month					 = jun,
	
	Volume					 = {18},
	Number					 = {3},
	Pages					 = {11--21},
	
	doi					     = {10.1109/MIM.2015.7108393},
	ISSN					 = {1094-6969},
	
}

@Article{Osseiran2014,
	Title                    = {Scenarios for {5G} mobile and wireless communications: {T}he vision of the {METIS} project},
	Author                   = {A. Osseiran and F. Boccardi and V. Braun and K. Kusume and P. Marsch and M. Maternia and O. Queseth and M. Schellmann and H. Schotten and H. Taoka and H. Tullberg and M. A. Uusitalo and B. Timus and M. Fallgren},
	Journal					 = {{\textbf{IEEE Communications Magazine}}},
	
	Year                     = {2014},	
	Month                    = {may},
	
	Number                   = {5},
	Pages                    = {26--35},
	Volume                   = {52},
	
	Doi                      = {10.1109/MCOM.2014.6815890},
	ISSN                     = {0163-6804},

	Owner                    = {mairtonjr},
	Timestamp                = {2014.08.11}
}

@Article{Ericsson2016,
	Title                    = {\textbf{Ericsson Mobility Report: {O}n the Pulse of the Networked Society}},
	Author                   = {Ericsson},
	Journal                  = {Whitepaper},
	Year                     = {2016},
	
	URL  					 = {https://www.ericsson.com/res/docs/2016/ericsson-mobility-report-2016.pdf},
	
	Month                    = jun,
	
	Owner                    = {roberto},
	Timestamp                = {2016.10.06}
}

@INPROCEEDINGS{wu2015qos,
	Title					 = {\textbf{{QoS} oriented heterogeneous traffic scheduling in {LTE} downlink}},
	Author					 = {X. Wu and X. Han and X. Lin},
	Booktitle				 = {{IEEE Internat. Conf. on Commun. (ICC)}},
	
	Year					 = 2015,
	Month					 = jun,
	
	Pages					 = {3088--3093},

	doi						 = {10.1109/ICC.2015.7248798},
	ISSN					 = {1550-3607},	
}

@INPROCEEDINGS{Ali2012,
	Title					 = {\textbf{A utility based resource allocation scheme with delay scheduler for {LTE} service-class support}},
	Author					 = {S. Ali and M. Zeeshan},
	Booktitle				 = {{IEEE Wireless Commun.
	and Networking Conf. (WCNC)}},
	
	Year					 = 2012,
	Month					 = apr,
	
	Pages					 = {1450--1455},
	
	doi						 = {10.1109/WCNC.2012.6214009},
	ISSN					 = {1525-3511},
}

@INPROCEEDINGS{kim2009qos,
	Title					 = {\textbf{{QoS} Scheduling for Heterogeneous Traffic in {OFDMA}-Based Wireless Systems}},
	Author					 = {Y. Kim and K. Son and S. Chong},
	Booktitle				 = {{IEEE Global Telecommun. Conf.}},
	
	Year					 = {2009},
	Month					 = nov,
	
	Pages					 = {1--6},
	
	doi={10.1109/GLOCOM.2009.5426157},
	ISSN={1930-529X},
}

@ARTICLE{Art:Andrews2001,
	Title				 	 = {Providing Quality of Service over a Shared Wireless Link},
	Author					 = {M. Andrews and K. Kumaran and K. Ramanan and A. Stolyar and P. Whiting and R. Vijayakumar},
	Journal					 = {{\textbf{IEEE Communications Magazine}}},
	
	Year					 = {2001},
	Month					 = feb,
	
	Volume					 = {39},
	Number					 = {2},
	Pages					 = {150--154},
	
	doi						 = {10.1109/35.900644},
	ISSN					 = {0163-6804},
}

@InProceedings{Nasralla2013,
	Title                    = {\textbf{A downlink scheduling approach for balancing {QoS} in {LTE} wireless networks}},
	Author                   = {M. M. Nasralla and M. G. Martini},
	Booktitle                = {{IEEE Personal, Indoor and Mob. Radio Commun. (PIMRC)}},
	
	Year                     = {2013},
	Month                    = sep,
	
	Pages                    = {1571--1575},
	
	Doi                      = {10.1109/PIMRC.2013.6666392},
	ISSN                     = {2166-9570}
}

@PhdThesis{Phd:Song2005,
	Title                    = {\textbf{Cross-Layer Resource Allocation and Scheduling in Wireless Multicarrier Networks}},
	Author                   = {Guocong Song},
	School                   = {Georgia Institute of Technology},
	Year                     = {2005},
	
	Address                  = {Georgia, USA}
}



@INPROCEEDINGS{basukala2009performance,
	Title					 = {\textbf{Performance analysis of {EXP/PF} and {M-LWDF} in downlink {3GPP} {LTE} system}},
	Author					 = {R. Basukala and H. A. M. Ramli and K. Sandrasegaran},
	Booktitle				 = {First Asian Himalayas Internat. Conf. on Internet},
	
	Year					 = 2009,
	Month					 = nov,
	
	Pages					 = {1--5},
	
	doi						 = {10.1109/AHICI.2009.5340336},
	ISSN					 = {1089-7801},
}

@InProceedings{Lima2009,
	Title                    = {\textbf{Scheduling Algorithm for Improved System Capacity of {R}eal-{T}ime Services in {3GPP} {LTE}}},
	Author                   = {F. R. M. Lima and W. C. Freitas and F. R. P. Cavalcanti},
	booktitle				 = {{Brazilian Telecommun. Symp. (SBrT)}},
	
	Year                     = 2009,
	Month                    = oct,
	
	pages					 = {1--6},
	
	Owner                    = {maciel},
	Timestamp                = {2014.08.07}
}

@INPROCEEDINGS{Santos2007,
	Title					 = {\textbf{{QoS} based Radio Resource Allocation and Scheduling with Different User Data Rate Requirements for {OFDMA} Systems}},
	Author					 = {R. B. Santos and F. R. M. Lima and W. C. Freitas and F. R. P. Cavalcanti},
	Booktitle				 = {{IEEE Personal, Indoor and Mob. Radio Commun. (PIMRC)}},
	
	Year					 = 2007,
	Month					 = sep,
	
	Pages					 = {1--5},
	
	doi						 = {10.1109/PIMRC.2007.4394699},
	ISSN					 = {2166-9570},
}

@article{Lima2010,
	Title					 = {Scheduling for improving system capacity in multiservice {3GPP} {LTE}},
	Author					 = {Lima, Francisco Rafael Marques and W{\"a}nstedt, Stefan and Cavalcanti, Francisco Rodrigo Porto and Freitas, Walter Cruz},
	Journal					 = {{\textbf{J. of Electrical and Computer Engineering}}},
	
	Year					 = {2010},
	Month					 = jun,
	
	Volume					 = {2010},
	Pages					 = {16},
	
	Publisher				 = {Hindawi Publishing Corp.},
	doi						 = {10.1155/2010/819729},
}

@ARTICLE{Song2005_part1,
	Title					 = {Cross-Layer Optimization for {OFDM} Wireless Networks - Part {I}: Theoretical Framework},
	Author					 = {Guocong Song and Ye Li},
	Journal					 = {{\textbf{IEEE Transactions on Wireless Communications}}},
	
	Year					 = 2005,
	Month					 = mar,
	
	Volume					 = {4},
	Number					 = {2},
	Pages					 = {614--624},
	
	doi						 = {10.1109/TWC.2004.843065},
	ISSN					 = {1536-1276},
}

@TechReport{Gross2006,
	Title                    = {\textbf{{D}ynamic Mechanisms in {OFDM} Wireless Systems: {A} Survey on Mathematical and System Engineering Contributions}},
	Author                   = {J.~Gross and M.~Bohge},
	Institution              = {Telecommunication Networks Group (TKN)},
	
	Year                     = {2006},
	Month                    = may,
	
	Address                  = {Technical University Berlin},
	Number                   = {TKN-06-001},
	
	Owner                    = {ricardo},
	Timestamp                = {2010.12.21}
}

@Article{Rodrigues2014_Wiley,
	Title                    = {Maximization of User Satisfaction in {OFDMA} Systems Using Utility-Based Resource Allocation},
	Author                   = {E. B. Rodrigues and F. R. M. Lima and T. F. Maciel and F. R. P. Cavalcanti},
	Journal                  = {{\textbf{Wireless Commun. and Mob. Computing}}},
	
	Year                     = {2014},
	Month 					 = sep,
	
	Pages                    = {1--17},
	
	Doi                      = {10.1002/wcm.2526},
}

@Article{Maciel2010a,
	Title                    = {On the performance, complexity, and fairness of suboptimal resource allocation for multiuser {MIMO-OFDMA} systems},
	Author                   = {Tarcisio Ferreira Maciel and Anja Klein},
	
	Journal                  = {{\textbf{IEEE Transactions on Vehicular Communications}}},
	
	Year                     = {2010},
	Month                    = feb,
	
	Number                   = {1},
	Pages                    = {406--419},
	Volume                   = {59},
	
	Doi                      = {10.1109/TVT.2009.2029438},	
}

@ARTICLE{Art:Hoo2004,
	title					 = {Multiuser transmit optimization for multicarrier broadcast channels: asymptotic {FDMA} capacity region and algorithms},
	author					 = {L. M. C. Hoo and B. Halder and J. Tellado and J. M. Cioffi},
	journal					 = {{\textbf{IEEE Transactions on Communications}}},
	
	year					 = 2004,
	month					 = jun,
	
	volume					 = {52},
	number					 = {6},
	pages				 	 = {922--930},
	
	doi						 = {10.1109/TCOMM.2004.829570},
	ISSN				 	 = {0090-6778},
}

@ARTICLE{Art:Song2005_p2,
	Title					 = {Cross-layer optimization for {OFDM} Wireless Networks - Part {II}: Algorithm Development},
	Author					 = {Guocong Song and Ye Li},
	Journal					 = {{\textbf{IEEE Transactions on Wireless Communications}}},
	
	Year					 = {2005},
	Month					 = mar,
	
	Volume					 = {4},
	Number					 = {2},
	Pages					 = {625--634},
	
	doi						 = {10.1109/TWC.2004.843067},
	ISSN					 = {1536-1276},
}

@PhdThesis{Phd:Emanuel2011,
	Title                    = {\textbf{Adaptive Radio Resource Management for {OFDMA}-Based Macro- and Femtocell Networks}},
	Author                   = {Emanuel Bezerra Rodrigues},
	School                   = {Universitat Polit\`{e}cnica de Catalunya},
	Year                     = {2011},
	
	URL						 = {http://www.grcm.tsc.upc.edu/sites/default/files/thesis_emanuel_bezerra_final.pdf},
	
	Address                  = {Barcelona, Spain}
}

@INPROCEEDINGS{song2004joint,
	Title					 = {\textbf{Joint channel-aware and queue-aware data scheduling in multiple shared wireless channels}},
	Author					 = {G. Song and Y. Li and L. J. Cimini and H. Zheng},
	Booktitle				 = {{IEEE Wireless Commun.
	and Networking Conf. (WCNC)}},
	
	Year					 = {2004},
	Month					 = mar,
	
	Volume					 = {3},
	Pages					 = {1939--1944},
	
	doi						 = {10.1109/WCNC.2004.1311850},
	ISSN					 = {1525-3511},	
}

@TechReport{3gpp.36.814,
	Title                    = {\textbf{Evolved Universal Terrestrial Radio Access ({E-UTRA}): Further advancements for {E-UTRA} physical layer aspects}},
	Author                   = {3GPP},
	Institution              = {{3rd Generation Partnership Project (3GPP)}},
	Year                     = {2010},
	Month                    = mar,
	Number                   = {{36.814}},
	Type                     = {TR},
	Url                      = {http://www.3gpp.org/ftp/Specs/html-info/36814.htm}
}

@TechReport{3gpp.25.814,
	Title                    = {\textbf{Physical layer aspect for evolved Universal Terrestrial Radio Access {(UTRA)}}},
	Author                   = {3GPP},
	Institution              = {{3rd Generation Partnership Project (3GPP)}},
	Year                     = {2006},
	Month                    = oct,
	Number                   = {{25.814}},
	Type                     = {TR},
	Url                      = {http://www.3gpp.org/ftp/Specs/html-info/25814.htm}
}

@TechReport{3gpp.25.996,
	Title                    = {\textbf{Spatial channel model for Multiple Input Multiple Output {(MIMO)} simulations}},
	Author                   = {3GPP},
	Institution              = {{3rd Generation Partnership Project (3GPP)}},
	Year                     = {2009},
	Month                    = dec,
	Number                   = {{25.996}},
	Type                     = {TR},
	
	Days                     = {16},
	Url                      = {http://www.3gpp.org/ftp/Specs/html-info/25996.htm}
}

@Book{Book:Pelcat2013,
	Title                    = {\textbf{Physical Layer Multi-Core Prototyping - A Dataflow-Based Approach for {LTE} {eNodeB}}},
	Author                   = {Maxime Pelcat and Slaheddine Aridhi and Jonathan Piat},
	publisher				 = {Springer Science \& Business Media},
	Year                     = {2013},
	Edition                  = {1st}
}

@InProceedings{Gunnarsson2008,
	Title                    = {\textbf{Downtilted Base Station Antennas - A Simulation Model Proposal and Impact on {HSPA} and {LTE} Performance}},
	Author                   = {Gunnarsson, F. and Johansson, M.N. and Furuskar, A and Lundevall, M. and Simonsson, A and Tidestav, C. and Blomgren, M.},
	Booktitle				 = {{IEEE Vehic. Tech. Conf. (VTC)}}, 
	
	Year                     = {2008},
	Month                    = sep,
	
	Pages                    = {1--5},
	
	Doi                      = {10.1109/VETECF.2008.49},
	ISSN                     = {1090-3038}
}

@TechReport{3gpp.25.943,
	Title                    = {\textbf{{Deployment aspects}}},
	Author                   = {3GPP},
	Institution              = {{3rd Generation Partnership Project (3GPP)}},
	Year                     = {2009},
	Month                    = dec,
	Number                   = {{25.943}},
	Type                     = {TR},
	
	Days                     = {29},
	Url                      = {http://www.3gpp.org/ftp/Specs/html-info/25943.htm}
}

@InProceedings{EUSIPCO2009,
	Title                    = {\textbf{Simulating the {Long} {Term} {Evolution} Physical Layer}},
	Author                   = {C. Mehlf\"uhrer and M. Wrulich and J. C. Ikuno and D. Bosanska and M. Rupp},
	booktitle				 = {{European Signal Processing Conf.}},
	
	Year                     = {2009},
	Month                    = aug,
	
	pages			   		 = {1471--1478}, 	
	Address                  = {Glasgow, Scotland},	
}

@InProceedings{Rodrigues2014a,
	Title                    = {\textbf{Utility-Based Resource Allocation with Spatial Multiplexing for Real Time Services in Multi-User {OFDM} Systems}},
	Author                   = {Emanuel B. Rodrigues and Francisco Hugo Costa Neto and Tarcisio F. Maciel and Francisco R. P. Cavalcanti},
	booktitle				 = {{IEEE Vehic. Tech. Conf. (VTC)}}, 
	
	Year                     = {2014},
	Month                    = may,
	
	Pages                    = {1--5},
	
	Doi                      = {10.1109/VTCSpring.2014.7023139},
	ISSN					 = {1550-2252},
}

@article{palit2015performance,
	Title					 = {Performance Evaluation of Mixed Traffic Schedulers in {OFDMA} Networks},
	Author					 = {Palit, Basabdatta and Das, Suvra Sekhar},
	Journal					 = {{\textbf{Wireless Personal Commun.}}},
	
	year					 = {2015},
	month					 = mar,
	
	volume					 = {83},
	number					 = {2},
	Pages					 = {895--924},
		
	Organization			 = {Springer},
	Doi 					 = {10.1007/s11277-015-2432-0},
}

@TechReport{3gpp.C.R1002-B,
	Title                    = {\textbf{cdma2000 Evaluation Methodology - Revision {B}}},
	Author                   = {3GPP2},
	Institution              = {{3rd Generation Partnership Project 2 (3GPP2)}},
	Year                     = {2009},
	Month                    = dec,
	Number                   = {{C.R1002-B}},
	Type                     = {TS},
	
	Url                      = {http://www.3gpp2.org/public_html/specs/C.R1002-B}
}

@ARTICLE{he2014quality,
	Title					 = {Quality-Driven Cross-Layer Design for {H.264/AVC} Video Transmission over {OFDMA} System},
	Author					 = {L. He and G. Liu},
	Journal					 = {{\textbf{IEEE Transactions on Wireless Communications}}},
	
	Year					 = {2014},
	Month					 = dec,

	Volume					 = {13},
	Number					 = {12}, 
	Pages					 = {6768--6782},
	
	doi						 = {10.1109/TWC.2014.2364603}, 
	ISSN					 = {1536-1276},	
}

@INPROCEEDINGS{lundevall2004streaming,
	Title					 = {\textbf{Streaming applications over {HSDPA} in mixed service scenarios}},
	Author					 = {M. Lundevall and B. Olin and J. Olsson and N. Wiberg and S. Wanstedt and J. Eriksson and F. Eng},
	Booktitle				 = {{IEEE Vehic. Tech. Conf. (VTC)}},
	
	Year					 = {2004},
	Month					 = sep,
	
	Volume					 = {2},
	Pages					 = {841--845},
	
	doi						 = {10.1109/VETECF.2004.1400139},
	ISSN					 = {1090-3038},	
}

@Article{ho2011opportunistic,
	Title					 = {Opportunistic delay-margin-based resource allocation for next-generation wireless networks},
	Author					 = {Ho, Quang-Dung and Ashour, Mohamed and Le-Ngoc, Tho},
	Journal					 = {\textbf{{W}ireless {C}ommun. and {M}ob. {C}omputing}},
	
	Year					 = {2011},
	Month 					 = sep,
	
	Volume					 = {11},
	Number					 = {9},
	Pages					 = {1254--1265},
	
	doi						 = {10.1002/wcm.924},
	Publisher				 = {Wiley Online Library}
}

@article{shakkottai2002scheduling,
	Title					 = {Scheduling for multiple flows sharing a time-varying channel: The exponential rule},
	Author					 = {Sanjay Shakkottai and Alexander L. Stolyar},
	Journal					 = {\textbf{Translations of the American Mathematical Society-Series 2}},
	
	Year					 = {2000},
	
	Volume					 = {207},
	Pages					 = {185--202},	
}

@inproceedings{lei2007qos,
	Title					 = {\textbf{{QoS} aware packet scheduling algorithm for {OFDMA} systems}},
	Author					 = {Lei, Haipeng and Fan, Chen and Zhang, Xin and Yang, Dacheng},
	Booktitle				 = {{IEEE Vehic. Tech. Conf. (VTC)}},
	
	Year					 = {2007},
	Month 					 = sep,
		
	pages					 = {1877--1881},
	doi						 = {10.1109/VETECF.2007.395},
	ISSN					 = {1090-3038},	
}

@Article{tarchi2010analysis,
	Title					 = {Analysis and comparison of scheduling techniques for a {BWA} {OFDMA} mobile system},
	Author					 = {Tarchi, Daniele and Fantacci, Romano and Bonciani, Emanuele},
	Journal					 = {\textbf{{W}ireless {C}ommun. and {M}ob. {C}omputing}},
	
	Year					 = {2010},
	Month 					 = jul,
	
	Volume					 = {10},
	Number					 = {7},
	
	Pages					 = {888--898},
	
	Doi						 = {10.1002/wcm.798},
	Publisher				 = {Wiley Online Library}
}

@Article{pitic2010performance,
	Title					 = {Performance evaluation of utility-based scheduling schemes with {QoS} guarantees in {IEEE} 802.16/{WiMAX} systems},
	Author					 = {Pitic, Razvan and Serrelli, Federico and Redana, Simone and Capone, Antonio},
	Journal					 = {\textbf{{W}ireless {C}ommun. and {M}ob. {C}omputing}},
	
	Year					 = {2010},
	Month 					 = jul,
	
	Volume					 = {10},
	Number					 = {7},
	
	Pages					 = {912--931},
	
	Doi						 = {10.1002/wcm.802},
	Publisher				 = {Wiley Online Library}
}

@article{kwan2009proportional,
	Title					 = {Proportional fair multiuser scheduling in {LTE}},
	Author					 = {Kwan, Raymond and Leung, Cyril and Zhang, Jie},
	Journal					 = {\textbf{{IEEE} Signal Processing Letters}},
	
	Year					 = {2009},
	Month					 = jun,
	
	Volume					 = {16},
	Number					 = {6},
	Pages					 = {461--464},
		
	doi						 = {10.1109/LSP.2009.2016449},
	ISSN					 = {1070-9908}, 
}

@article{capozzi2013downlink,
	Title					 = {Downlink packet scheduling in {LTE} cellular networks: Key design issues and a survey},
	Author					 = {Capozzi, Francesco and Piro, Giuseppe and Grieco, Luigi Alfredo and Boggia, Gennaro and Camarda, Pietro},
	Journal					 = {\textbf{{IEEE} Communications Surveys and Tutorials}},
	
	Year					 = {2013},
	Month 					 = feb,
	
	Volume					 = {15},
	Number					 = {2},
	Pages					 = {678--700},
	
	Doi						 = {10.1109/SURV.2012.060912.00100},
	ISSN					 = {1553-877X},
}

@InProceedings{Hoo1998,
	Title					 = {\textbf{Dual {QoS} loading algorithms for {DMT} systems offering {CBR} and {VBR} services}},
	Author					 = {Hoo, Louise and Tellado, Jose and Cioffi, John M},
	Booktitle				 = {{IEEE Global Telecommun. Conf.}},
	
	Year					 = {1998},
	
	Volume					 = {1},
	Pages					 = {25--30},
	
	doi						 = {0.1109/GLOCOM.1998.775692},
}

@InProceedings{Wang2004,
	Title					 = {\textbf{Resource allocation for heterogeneous services in multiuser {OFDM} systems}},
	Author					 = {Wang, Wei and Hwang, Keun Chul and Lee, Kwang Bok and Bahk, Saewoong},
	Booktitle				 = {{IEEE Global Telecommun. Conf.}},
	
	Year					 = {2004},
	Month					 = nov,
	
	Volume					 = {6},
	Pages					 = {3478--3481},
		
	Doi						 = {10.1109/GLOCOM.2004.1379013},
}

@Article{Yu2007,
	Title					 = {Adaptive subcarrier and bit allocation in {OFDMA} systems supporting heterogeneous services},
	Author					 = {Yu, Guanding and Zhang, Zhaoyang and Qiu, Peiliang},
	Journal					 = {\textbf{{W}ireless {P}ersonal {C}ommunications}},
	
	Year					 = {2007},
	Month					 = jun,
	
	Volume					 = {43},
	Number					 = {4},
	Pages					 = {1057--1070},
	
	Doi						 = {10.1007/s11277-007-9283-2},
	Publisher				 = {Springer}
}

@inproceedings{indumathi2011user,
	Title					 = {\textbf{User based resource scheduling for heterogeneous traffic in the downlink of {OFDM} systems}},
	Author					 = {Indumathi, G and Vijayarani, S and Murugesan, K},
	Booktitle				 = {2011 Internat. Conf. on Signal Processing, Communication, Computing and Networking Technologies (ICSCCN)},
	
	Year					 = {2011},
	Month					 = jul,
	
	Pages					 = {569--574},
	
	Doi						 = {10.1109/ICSCCN.2011.6024616},
}

@article{fishburn1968utility,
	Title					 = {\textbf{Utility Theory}},
	Author					 = {Fishburn, Peter C},
	Journal					 = {Management Science - Theory Series},
	
	Year					 = {1968},
	
	Volume					 = {14},
	Number					 = {5},
	
	Url						 = {http://dx.doi.org/10.1287/mnsc.14.5.335}
}

@article{north1968tutorial,
	Title					 = {A tutorial introduction to decision theory},
	Author					 = {North, D Warner},
	Journal					 = {\textbf{{IEEE} Transactions on Systems Science and Cybernetics}},
	
	Year					 = {1968},
	Month					 = feb,
		
	Volume					 = {4},
	Number					 = {3},
	Pages					 = {200--210},
	
	Doi						 = {10.1109/TSSC.1968.300114},
	ISSN					 = {0536-1567}
}

@article{shenker1995fundamental,
	Title					 = {Fundamental design issues for the future {Internet}},
	Author					 = {Shenker, Scott},
	Journal					 = {\textbf{{IEEE} Journal on Selected Areas in Communications}},
	
	Year					 = {1995},
	Month					 = sep,
	
	Volume					 = {13},
	Number					 = {7},
	Pages					 = {1176--1188},
		
	Doi						 = {10.1109/49.414637}, 
}

@inproceedings{ameigeiras2004performance,
	Title					 = {\textbf{Performance of the {M-LWDF} scheduling algorithm for streaming services in {HSDPA}}},
	Author					 = {Ameigeiras, Pablo and Wigard, Jeroen and Mogensen, Preben},
	Booktitle				 = {{IEEE Vehic. Tech. Conf. (VTC)}},
	
	Year					 = {2004},
	Month					 = sep,
	
	Volume					 = {2},
	Pages					 = {999--1003},
	
	Doi						 = {10.1109/VETECF.2004.1400171},
	ISSN					 = {1090-3038},	
}

@inproceedings{iturralde2011performance,
	Title					 = {\textbf{Performance study of multimedia services using virtual token mechanism for resource allocation in {LTE} networks}},
	Author					 = {Iturralde, Mauricio and Yahiya, Tara Ali and Wei, Anne and Beylot, Andre-Luc},
	Booktitle				 = {{IEEE Vehic. Tech. Conf. (VTC)}},
	
	Year					 = {2011},
	Month					 = sep,
	
	Pages					 = {1--5},
	
	Doi						 = {10.1109/VETECF.2011.6092905},
	ISSN					 = {1090-3038},	
}

@inproceedings{rhee2003scheduling,
	Title					 = {\textbf{Scheduling of real/non-real time services: adaptive {EXP/PF} algorithm}},
	Author					 = {Rhee, Jong-Hun and Holtzman, Jack M and Kim, Dong-Ku},
	Booktitle				 = {{IEEE Vehic. Tech. Conf. (VTC)}},
	
	Year					 = {2003},
	Month					 = apr,
	
	Volume					 = {1},
	Pages					 = {462--466},
	
	Doi						 = {10.1109/VETECS.2003.1207583},
	ISSN					 = {1090-3038}, 
}

@InProceedings{Braga2006,
	Title                    = {\textbf{Packet Scheduling for {VOIP} Over {HSDPA} in Mixed Traffic Scenarios}},
	Author                   = {A. R. Braga and E. B. Rodrigues and F. R. P. Cavalcanti},
	Booktitle                = {{IEEE Personal, Indoor and Mob. Radio Commun. (PIMRC)}},
	
	Year                     = {2006},
	Month                    = sep,
	
	Pages                    = {1--5},
	
	Doi                      = {10.1109/PIMRC.2006.254119},
	ISSN					 = {2166-9570}, 
}

@InProceedings{Gueguen2008,
	Title                    = {\textbf{Scheduling in {OFDM} Wireless Networks without Tradeoff between Fairness and Throughput}},
	Author                   = {C. Gueguen and S. Baey},
	Booktitle                = {{IEEE Vehic. Tech. Conf. (VTC)}},
	
	Year                     = {2008},
	Month                    = sep,
	
	Pages                    = {1--5},
	
	Doi                      = {10.1109/VETECF.2008.397},
	ISSN                     = {1090-3038},
}

@Article{Art:Song2005_Commag,
	Title                    = {Utility-Based Resource Allocation and Scheduling in {OFDM}-Based Wireless Broadband Networks},
	Author                   = {Guocong Song and Ye (Geoffrey) Li},
	Journal                  = {{\textbf{IEEE Communications Magazine}}},
	
	Year                     = {2005},
	Month                    = dec,
	
	Number                   = {12},
	Pages                    = {127--134},
	Volume                   = {43},
	
	doi 					 = {10.1109/MCOM.2005.1561930},
	ISSN					 = {0163-6804}, 
}

@InProceedings{Proc:Ryu2005,
	Title                    = {\textbf{Urgency and efficiency based wireless downlink packet scheduling algorithm in {OFDMA} system}},
	Author                   = {Seungwan Ryu and Byunghan Ryu and Hyunhwa Seo and Mooyong Shin},
	Booktitle                = {{IEEE Vehic. Tech. Conf. (VTC)}},
	
	Year                     = {2005},
	Month                    = may,
	
	Pages                    = {1456--1462},
	Volume                   = {3},
	
	doi 					 = {10.1109/VETECS.2005.1543561},
	ISSN					 = {1550-2252}, 	
}

@Article{Jang2003,
	Title                    = {Transmit Power Adaptation for Multiuser {OFDM} Systems},
	Author                   = {Jiho Jang and Kwang Bok Lee},
	Journal                  = {\textbf{{IEEE} Journal on Selected Areas in Communications}},
	
	Year                     = {2003},
	Month                    = jan,
	
	Number                   = {2},
	Pages                    = {171--178},
	Volume                   = {21},
	
	ISSN                     = {0733-8716},
	Doi                      = {10.1109/JSAC.2002.807348}
}

@TechReport{Tech:UMTS_3003,
	Title                    = {\textbf{Selection procedures for the choice of radio transmission technologies of the {UMTS}}},
	Author                   = {UMTS},
	Institution              = {Universal Mobile Telecommunications System (UMTS)},
	Year                     = {1998},
	
	Address                  = {Sophia Antipolis, France},
	Month                    = apr,
	Number                   = {TR 101 112 V3.2.0 - UMTS 30.03}
}

@Book{Book:Rappaport2002,
	Title                    = {\textbf{Wireless Communications: Principles and Practice}},
	Author                   = {T. S. Rappaport},
	Publisher                = {Prentice Hall},
	Year                     = {2002},
	Edition                  = {2nd}
}

@Book{Book:Jakes1994,
	Title                    = {\textbf{Microwave Mobile Communications}},
	Author                   = {W. C. Jakes},
	Publisher                = {John Wiley \& Sons / The Institute of Electrical and Electronics Engineers (IEEE)},
	Year                     = {1994}
}

@TechReport{3gpp.36.213,
	Title                    = {\textbf{Evolved Universal Terrestrial Radio Access ({E-UTRA}); Physical layer procedures}},
	Author                   = {3GPP},
	Institution              = {{3rd Generation Partnership Project (3GPP)}},
	Year                     = {2010},
	Month                    = oct,
	Number                   = {{36.213}},
	Type                     = {TS},
	
	Days                     = {3},
	Url                      = {http://www.3gpp.org/ftp/Specs/html-info/36213.htm}
}

@TechReport{3gpp.36.942,
	Title                    = {\textbf{Evolved Universal Terrestrial Radio Access {(E-UTRA)}; Radio Frequency (RF) system scenarios}},
	Author                   = {3GPP},
	Institution              = {{3rd Generation Partnership Project (3GPP)}},
	Year                     = {2012},
	Month                    = jul,
	Number                   = {{36.942}},
	Type                     = {TR},
	
	Days                     = {13},
	Url                      = {http://www.3gpp.org/ftp/Specs/html-info/36942.htm}
}

@TechReport{3gpp.36.300,
	Title                    = {\textbf{Evolved Universal Terrestrial Radio Access {(E-UTRA)} and Evolved Universal Terrestrial Radio Access Network {(E-UTRAN)}; Overall Description}},
	Author                   = {3GPP},
	Institution              = {{3rd Generation Partnership Project (3GPP)}},
	Year                     = {2017},
	Month                    = mar,
	Number                   = {{36.300}},
	Type                     = {TS},
	
	Days                     = {14},
	Url                      = {http://www.3gpp.org/ftp/Specs/html-info/36300.htm}
}

@mastersthesis{Polese2016,
	Title				   = {\textbf{Performance Comparison of Dual Connectivity and Hard Handover for {LTE-4G} Tight Integration in {mmWave} Cellular Networks}},
	Author				   = {Polese, Michele},
	School				   = {Department of Information Engineering, University of Padova},
	Address				   = {Padova, Italy},
	
	Month				   = jul,
	Year				   = 2016,
	
	Owner                    = {RobertoAntonioli},
	Timestamp                = {07.03.2017}
}

@book{Dahlman2013,
	Title				   = {\textbf{{4G: LTE/LTE-A}dvanced for mobile broadband}},
	Author				   = {Dahlman, Erik and Parkvall, Stefan and Skold, Johan},
	Year				   = {2013},
	Rublisher			   = {Academic press}
}

@book{Sesia2011,
	Title				   = {\textbf{{LTE-The} {UMTS} {L}ong {T}erm {E}volution: from theory to practice}},
	Author				   = {Sesia, Stefania and Baker, Matthew and Toufik, Issam},
	Year				   = {2011},
	Publisher			   = {John Wiley \& Sons}
}

@ARTICLE{Larmo2009,
	Author				   = {A. Larmo and M. Lindström and M. Meyer and G. Pelletier and J. Torsner and H. Wiemann},
	Journal				   = {{\textbf{IEEE Communications Magazine}}},
	Title				   = {The {LTE} link-layer design},
	Year				   = {2009},
	Volume				   = {47},
	Number				   = {4},
	Pages				   = {52--59},
	doi					   = {10.1109/MCOM.2009.4907407},
	ISSN				   = {0163-6804},
	Month				   = apr,
}

@INPROCEEDINGS{lei2007packet,	
	Title				   = {\textbf{A Packet Scheduling Algorithm Using Utility Function for Mixed Services in the Downlink of {OFDMA} Systems}},
	Author				   = {H. Lei and L. Zhang and X. Zhang and D. Yang},
	Booktitle			   = {{IEEE Vehic. Tech. Conf. (VTC)}},
	Year				   = {2007},
	Pages				   = {1664--1668},
	doi					   = {10.1109/VETECF.2007.352},
	ISSN				   = {1090-3038},
	Month				   = sep,
}

@Article{Bendaoud2014,
	Title                    = {Survey On Scheduling And Radio Resources Allocation In {LTE}},
	Author                   = {Fayssal Bendaoud and Marwen Abdennebi and Fedoua Didi},
	Journal                  = {\textbf{International Journal of Next-Generation Networks}},
	Year                     = {2014},
	
	Month                    = mar,
	Number                   = {1},
	Pages                    = {17--29},
	Volume                   = {6},
}

@book{Jain1984,
	Title					 = {\textbf{A quantitative measure of fairness and discrimination for resource allocation in shared computer system}},
	Author					 = {Jain, Raj and Chiu, Dah-Ming and Hawe, William R},
	Volume					 = {38},
	Year					 = {1984},
	Publisher				 = {Eastern Research Laboratory, Digital Equipment Corporation Hudson, MA}
}

@ARTICLE{Zhang2014,
	Title					 = {Resource Allocation in Spectrum-Sharing {OFDMA} Femtocells With Heterogeneous Services},
	Author					 = {H. Zhang and C. Jiang and N. C. Beaulieu and X. Chu and X. Wen and M. Tao},
	Journal					 = {\textbf{{IEEE} Transactions on Communications}},
	
	Year					 = {2014},
	month					 = jul,
	
	Volume					 = {62},
	Number					 = {7},
	Pages					 = {2366--2377},
	
	doi						 = {10.1109/TCOMM.2014.2328574},
	ISSN					 = {0090-6778},	
}

@ARTICLE{Zhang2015,
	Title					 = {Resource Allocation for Cognitive Small Cell Networks: A Cooperative Bargaining Game Theoretic Approach},
	Author					 = {H. Zhang and C. Jiang and N. C. Beaulieu and X. Chu and X. Wang and T. Q. S. Quek},
	Journal					 = {\textbf{{IEEE} Transactions on Wireless Communications}},	
	
	Year					 = {2015},
	Month					 = jun,
	
	Volume					 = {14},
	Number					 = {6},	
	Pages					 = {3481--3493},
	
	Doi						 = {10.1109/TWC.2015.2407355},
	ISSN					 = {1536-1276},
}

@ARTICLE{Zhang2016,
	Title					 = {Interference-Limited Resource Optimization in Cognitive Femtocells With Fairness and Imperfect Spectrum Sensing},	
	Author					 = {H. Zhang and C. Jiang and X. Mao and H. H. Chen},
	Journal					 = {\textbf{{IEEE} Transactions on Vehicular Technology}},
	
	Year					 = {2016},
	Month					 = mar,
	
	Volume					 = {65},
	Number					 = {3},
	Pages				 	 = {1761-1771},
	
	Doi						 = {10.1109/TVT.2015.2405538},
	ISSN					 = {0018-9545},
}

@article{Madi2017,
	Title					 = {Two-level {QoS}-aware frame-based downlink resources allocation for {RT/NRT} services fairness in LTE networks},
	Author					 = {Madi, Nadim KM and Hanapi, Zurina Bt Mohd and Othman, Mohamed and Subramaniam, Shamala},
	Journal					 = {\textbf{Telecommunication Systems}},
	
	Pages					 = {1--19},
	Year					 = {2017},
	Publisher				 = {Springer},
	
	Doi 					 = {10.1007/s11235-017-0289-0},
	ISSN 					 = {1572-9451},
}

@article{Alsahag2016,
	Title					 = {Maximum rate resource allocation algorithms with multiuser diversity and {QoS} support for downlink {OFDMA} based {WiMAX} system},
	Author					 = {Alsahag, Ali Mohammed and Ali, Borhanuddin M and Noordin, Nor Kamariah and Mohamad, Hafizal},
	Journal					 = {\textbf{Telecommunication Systems}},
	
	Volume					 = {63},
	Number					 = {1},
	Pages					 = {1--14},
	Year					 = {2016},
	Publisher				 = {Springer},
	
	Doi 					 = {10.1007/s11235-017-0289-0},
	ISSN 					 = {1572-9451},
}

@book{Jeruchim2006,
	Title					 = {\textbf{Simulation of communication systems: modeling, methodology and techniques}},
	Author					 = {Jeruchim, Michel C and Balaban, Philip and Shanmugan, K Sam},
	Year					 = {2006},
	Publisher				 = {Springer Science \& Business Media}
}