@article{HOQUE201748,
	title = "Real-time {DDoS} {A}ttack {D}etection {U}sing {FPGA}",
	journal = "Computer Communications",
	volume = "110",
	number = "Supplement C",
	pages = "48 - 58",
	year = "2017",
	issn = "0140-3664",
	doi = "https://doi.org/10.1016/j.comcom.2017.05.015",
	url = "http://www.sciencedirect.com/science/article/pii/S0140366416306442",
	author = "N. Hoque and H. Kashyap and D.K. Bhattacharyya",
	keywords = "DDoS attack detection, FPGA, Correlation measure"
}

@article{DataMining,
	author = {Alkasassbeh, Mouhammd and Al-Naymat, Ghazi and Hassanat, Ahmad and Almseidin, Mohammad},
	year = {2016},
	month = {01},
	pages = {},
	title = {Detecting {D}istributed {D}enial of {S}ervice {A}ttacks {U}sing {D}ata {M}ining {T}echniques},
	volume = {7},
	booktitle = {International Journal of Advanced Computer Science and Applications}
}

@Article{Art:Andrews2001,
  Title                    = {Providing Quality of Service over a Shared Wireless Link},
  Author                   = {M. Andrews and K. Kumaran and K. Ramanan and A. Stolyar and P. Whiting and R. Vijayakumar},
  Journal                  = {IEEE Communications Magazine},
  Year                     = {2001},

  Month                    = jun,
  Number                   = {2},
  Pages                    = {150--154},
  Volume                   = {32}
}

@InProceedings{Nasralla2013,
  Title                    = {A downlink scheduling approach for balancing {QoS} in {LTE} wireless networks},
  Author                   = {Nasralla, Moustafa M. and Martini, Maria G.},
  Booktitle                = {IEEE International Symposium on Personal Indoor and Mobile Radio Communications},
  Year                     = {2013},
  Month                    = {Sept},
  Pages                    = {1571-1575},

  Doi                      = {10.1109/PIMRC.2013.6666392},
  ISSN                     = {2166-9570}
}

@inproceedings{kim2009qos,
  title={{QoS} scheduling for heterogeneous traffic in {OFDMA}-based wireless systems},
  author={Kim, Youngki and Son, Kyuho and Chong, Song},
  booktitle={IEEE Global Telecommunications Conference, 2009. GLOBECOM 2009.},
  pages={1--6},
  year={2009},
  organization={IEEE}
}

@Article{ho2011opportunistic,
  title={Opportunistic delay-margin-based resource allocation for next-generation wireless networks},
  author={Ho, Quang-Dung and Ashour, Mohamed and Le-Ngoc, Tho},
  journal={Wireless Communications and Mobile Computing},
  volume={11},
  number={9},
  pages={1254--1265},
  year={2011},
  publisher={Wiley Online Library}
}

@InProceedings{Gueguen2008,
  Title                    = {Scheduling in {OFDM} Wireless Networks without Tradeoff between Fairness and Throughput},
  Author                   = {C. Gueguen and S. Baey},
  Booktitle                = {Proc. IEEE 68th Vehicular Technology Conference - VTC-Fall},
  Year                     = {2008},
  Month                    = {Sep.},
  Pages                    = {1--5},

  Doi                      = {10.1109/VETECF.2008.397},
  ISSN                     = {1090-3038},
  Keywords                 = {MAC scheduling;OFDM wireless network;multimedia service;multiuser diversity;quality of service;resource allocation;system fairness;system throughput;weighted opportunistic algorithm;OFDM modulation;access protocols;multi-access systems;multimedia communication;quality of service;resource allocation;scheduling;wireless sensor networks;},
  Owner                    = {maciel},
  Timestamp                = {2014.08.07}
}

@InProceedings{Braga2006,
  Title                    = {Packet Scheduling for {VoIP} Over {HSDPA} in Mixed Traffic Scenarios},
  Author                   = {A. R. Braga and E. B. Rodrigues and F. R. P. Cavalcanti},
  Booktitle                = {2006 {IEEE} 17th International Symposium on Personal, Indoor and Mobile Radio Communications},
  Year                     = {2006},

  Address                  = {Helsinki},
  Month                    = sep,
  Pages                    = {1--5},

  Doi                      = {10.1109/PIMRC.2006.254119}
}

@InProceedings{Lima2009,
  Title                    = {Scheduling Algorithm for Improved System Capacity of Real-Time Services in {3GPP} {LTE}},
  Author                   = {F. R. M. Lima and W. C. Freitas and F. R. P. Cavalcanti},
  Booktitle                = {XXVII Telecommunications Brazilian Symposium - SBrT},
  Year                     = {2009},
  Month                    = {Oct.},

  Owner                    = {maciel},
  Timestamp                = {2014.08.07}
}

@Article{Lima2010,
  Title                    = {Scheduling for Improving System Capacity in Multiservice {3GPP} {LTE}},
  Author                   = {F. R. M. Lima and S. W\"{a}nstedt and F. R. P. Cavalcanti and W. C. Freitas},
  Journal                  = {Journal of Electrical and Computer Engineering},
  Year                     = {2010},
  Number                   = {819729}
}

@Article{Art:Song2005_Commag,
  Title                    = {Utility-Based Resource Allocation and Scheduling in {OFDM}-Based Wireless Broadband Networks},
  Author                   = {Guocong Song and Ye (Geoffrey) Li},
  Journal                  = {IEEE Communications Magazine},
  Year                     = {2005},

  Month                    = dec,
  Number                   = {12},
  Pages                    = {127--134},
  Volume                   = {43}
}

@inproceedings{lei2007qos,
  title={{QoS} aware packet scheduling algorithm for {OFDMA} systems},
  author={Lei, Haipeng and Fan, Chen and Zhang, Xin and Yang, Dacheng},
  booktitle={IEEE 66th Vehicular Technology Conference, 2007. VTC-2007 Fall.},
  pages={1877--1881},
  year={2007},
  organization={IEEE}
}

@InProceedings{Proc:Ryu2005,
  Title                    = {Urgency and efficiency based wireless downlink packet scheduling algorithm in {OFDMA} system},
  Author                   = {Seungwan Ryu and Byunghan Ryu and Hyunhwa Seo and Mooyong Shin},
  Booktitle                = {Proc. IEEE 61st Vehicular Technology Conference - VTC Spring},
  Year                     = {2005},
  Month                    = may,
  Pages                    = {1456--1462},
  Volume                   = {3}
}

@Article{tarchi2010analysis,
  title={Analysis and comparison of scheduling techniques for a {BWA} {OFDMA} mobile system},
  author={Tarchi, Daniele and Fantacci, Romano and Bonciani, Emanuele},
  journal={Wireless Communications and Mobile Computing},
  volume={10},
  number={7},
  pages={888--898},
  year={2010}
}

@Article{pitic2010performance,
  title={Performance evaluation of utility-based scheduling schemes with {QoS} guarantees in {IEEE} 802.16/{WiMAX} systems},
  author={Pitic, Razvan and Serrelli, Federico and Redana, Simone and Capone, Antonio},
  journal={Wireless Communications and Mobile Computing},
  volume={10},
  number={7},
  pages={912--931},
  year={2010}
}

@Article{Jang2003,
  Title                    = {Transmit Power Adaptation for Multiuser {OFDM} Systems},
  Author                   = {Jiho Jang and Kwang Bok Lee},
  Journal                  = {IEEE Journal on Selected Areas in Communications},
  Year                     = {2003},

  Month                    = jan,
  Number                   = {2},
  Pages                    = {171--178},
  Volume                   = {21},

  Doi                      = {10.1109/JSAC.2002.807348},
  ISSN                     = {0733-8716}
}

@article{kwan2009proportional,
  title={Proportional fair multiuser scheduling in {LTE}},
  author={Kwan, Raymond and Leung, Cyril and Zhang, Jie},
  journal={IEEE Signal Processing Letters},
  volume={16},
  number={6},
  pages={461--464},
  year={2009},
  publisher={IEEE}
}

@InProceedings{Santos2007,
  Title                    = {{QoS} Based Radio Resource Allocation and Scheduling with Different User Data Rate Requirements for {OFDMA} Systems},
  Author                   = {R. B. Santos and F. R. M. Lima and W. Freitas and F. R. P. Cavalcanti},
  Booktitle                = {IEEE 18th International Symposium on Personal, Indoor and Mobile Radio Communications, 2007},
  Year                     = {2007},

  Owner                    = {ricardo},
  Timestamp                = {2010.11.11}
}

@INPROCEEDINGS{rodrigues2009adaptive,
author={E. B. Rodrigues and F. Casadevall},
booktitle={IEEE 69th Vehicular Technology Conference, 2009. VTC Spring 2009.},
title={Adaptive Radio Resource Allocation Framework for Multi-User {OFDM}},
year={2009},
pages={1-6},
month={April}
}

@InProceedings{Hoo1998,
  title={Dual {QoS} loading algorithms for {DMT} systems offering {CBR} and {VBR} services},
  author={Hoo, Louise and Tellado, Jose and Cioffi, John M},
  booktitle={IEEE Global Telecommunications Conference, 1998. GLOBECOM 1998. The Bridge to Global Integration},
  volume={1},
  pages={25--30},
  year={1998},
  organization={IEEE}
}

@InProceedings{Wang2004,
  title={Resource allocation for heterogeneous services in multiuser {OFDM} systems},
  author={Wang, Wei and Hwang, Keun Chul and Lee, Kwang Bok and Bahk, Saewoong},
  booktitle={IEEE Global Telecommunications Conference, 2004. GLOBECOM'04},
  volume={6},
  pages={3478--3481},
  year={2004},
  organization={IEEE}
}

@Article{Yu2007,
title={Adaptive subcarrier and bit allocation in {OFDMA} systems supporting heterogeneous services},
  author={Yu, Guanding and Zhang, Zhaoyang and Qiu, Peiliang},
  journal={Wireless Personal Communications},
  volume={43},
  number={4},
  pages={1057--1070},
  year={2007},
  publisher={Springer}
}

@InProceedings{Ali2012,
  title={A utility based resource allocation scheme with delay scheduler for {LTE} service-class support},
  author={Ali, Salman and Zeeshan, Muhammad},
  booktitle={Wireless Communications and Networking Conference (WCNC), 2012 IEEE},
  pages={1450--1455},
  year={2012},
  organization={IEEE}
}

@inproceedings{wu2015qos,
  title={{QoS} oriented heterogeneous traffic scheduling in {LTE} downlink},
  author={Wu, Xuanli and Han, Xingling and Lin, Xiaodong},
  booktitle={2015 IEEE International Conference on Communications (ICC)},
  pages={3088--3093},
  year={2015},
  organization={IEEE}
}

@PhdThesis{Phd:Song2005,
  Title                    = {Cross-Layer Resource Allocation and Scheduling in Wireless Multicarrier Networks},
  Author                   = {Guocong Song},
  School                   = {Georgia Institute of Technology},
  Year                     = {2005},

  Address                  = {Georgia, USA}
}

@InProceedings{Proc:Lei2007,
  Title                    = {A Packet Scheduling Algorithm Using Utility Function for Mixed Services in the Downlink of {OFDMA} Systems},
  Author                   = {Haipeng Lei and Lei Zhang and Xin Zhang and Dacheng Yang},
  Booktitle                = {Proc. IEEE 66th Vehicular Technology Conference - VTC Fall},
  Year                     = {2007},
  Month                    = sep,
  Pages                    = {1664--1668}
}

@inproceedings{indumathi2011user,
  title={User based resource scheduling for heterogeneous traffic in the downlink of {OFDM} systems},
  author={Indumathi, G and Vijayarani, S and Murugesan, K},
  booktitle={2011 International Conference on Signal Processing, Communication, Computing and Networking Technologies (ICSCCN)},
  pages={569--574},
  year={2011},
  organization={IEEE}
}

@article{maciel2010performance,
  title={On the Performance, Complexity, and Fairness of Suboptimal Resource Allocation for Multiuser {MIMO}--{OFDMA} Systems},
  author={Maciel, Tarcisio F and Klein, Anja},
  journal={Vehicular Technology, IEEE Transactions on},
  volume={59},
  number={1},
  pages={406--419},
  year={2010},
  publisher={IEEE}
}

@book{goldsmith2005wireless,
  title={Wireless communications},
  author={Goldsmith, Andrea},
  year={2005},
  publisher={Cambridge university press}
}

@inproceedings{balint2010scheduling,
  title={Scheduling techniques evaluation in {LTE} systems with mixed data traffic},
  author={Balint, Cornel and Budura, Georgeta and Marza, Eugen},
  booktitle={Electronics and Telecommunications (ISETC), 2010 9th International Symposium on},
  pages={221--224},
  year={2010},
  organization={IEEE}
}

@article{capozzi2013downlink,
  title={Downlink packet scheduling in {LTE} cellular networks: Key design issues and a survey},
  author={Capozzi, Francesco and Piro, Giuseppe and Grieco, Luigi Alfredo and Boggia, Gennaro and Camarda, Pietro},
  journal={Communications Surveys \& Tutorials, IEEE},
  volume={15},
  number={2},
  pages={678--700},
  year={2013},
  publisher={IEEE}
}

@article{gotsis2014radio,
	title={Radio resource allocation algorithms for multi-service {OFDMA} networks: the uniform power loading scenario},
	author={Gotsis, Antonis G and Komnakos, Dimitris I and Vouyioukas, Demosthenes D and Constantinou, Philip},
	journal={Telecommunication Systems},
	volume={56},
	number={4},
	pages={467--480},
	year={2014},
	publisher={Springer}
}

@TechReport{Tech:UMTS_3003,
	Title                    = {Selection procedures for the choice of radio transmission technologies of the {UMTS}},
	Author                   = {UMTS},
	Institution              = {Universal Mobile Telecommunications System (UMTS)},
	Year                     = {1998},
	
	Address                  = {Sophia Antipolis, France},
	Month                    = apr,
	Number                   = {TR 101 112 V3.2.0 - UMTS 30.03}
}

@InProceedings{Batista2011b,
	Title                    = {Impact Evaluation of Imperfect {CSI} on the Performance of Downlink {CoMP} Systems},
	Author                   = {Batista, R.L. and Maciel, T.F. and Silva, Y.C.B. and Cavalcanti, F.R.P.},
	Booktitle                = SBRT,
	Year                     = {2011},
	
	Address                  = {Curitiba, {B}razil},
	Month                    = {September},
	Pages                    = {1--5}
}

@Book{Book:Rappaport2002,
  Title                    = {Wireless Communications: Principles and Practice},
  Author                   = {T. S. Rappaport},
  Publisher                = {Prentice Hall},
  Year                     = {2002},
  Edition                  = {2nd}
}

@Book{Book:Jakes1994,
  Title                    = {Microwave Mobile Communications},
  Author                   = {W. C. Jakes},
  Publisher                = {John Wiley \& Sons / The Institute of Electrical and Electronics Engineers (IEEE)},
  Year                     = {1994}
}

@InProceedings{EUSIPCO2009,
  Title                    = {Simulating the {L}ong {T}erm {E}volution Physical Layer},
  Author                   = {C. Mehlf\"uhrer and M. Wrulich and J. C. Ikuno and D. Bosanska and M. Rupp},
  Booktitle                = EUSIPCO,
  Year                     = {2009},
  pages			   = {1471-1478}, 

  Address                  = {Glasgow, Scotland},
  Month                    = aug,
  Url                      = {http://publik.tuwien.ac.at/files/PubDat_175708.pdf}
}

@TechReport{3GPP25943,
  Title                    = {Deployment aspects},
  Author                   = {3GPP},
  Institution              = {Third Generation Partnership Project},
  Year                     = {2009},
  Month                    = dec,
  Number                   = {TR 25.943 V9.0.0}
}

@book{cavalcanti2014resource,
  title={Resource Allocation and {MIMO} for {4G} and Beyond},
  author={Cavalcanti, Francisco Rodrigo Porto},
  year={2014},
  publisher={Springer}
}

@inproceedings{rhee2003scheduling,
	title={Scheduling of real/non-real time services: adaptive {EXP/PF} algorithm},
	author={Rhee, Jong-Hun and Holtzman, Jack M and Kim, Dong-Ku},
	booktitle={Vehicular Technology Conference, 2003. VTC 2003-Spring. The 57th IEEE Semiannual},
	volume={1},
	pages={462--466},
	year={2003},
	organization={IEEE}
}

@article{rhee2004performance,
  title={Performance analysis of the adaptive {EXP/PF} channel scheduler in an {AMC/TDM} system},
  author={Rhee, Jong-Hun and Holtzman, Jack M and Kim, Dong Ku},
  journal={Communications Letters, IEEE},
  volume={8},
  number={8},
  pages={497--499},
  year={2004},
  publisher={IEEE}
}

@article{fishburn1968utility,
  title={Utility Theory},
  author={Fishburn, Peter C},
  journal={Management Science - Theory Series},
  volume={14},
  number={5},
  year={1968}
}

@article{north1968tutorial,
  title={A tutorial introduction to decision theory},
  author={North, D Warner},
  journal={Systems Science and Cybernetics, IEEE Transactions on},
  volume={4},
  number={3},
  pages={200--210},
  year={1968},
  publisher={IEEE}
}

@phdthesis{rodrigues2011adaptive,
  title={Adaptive radio resource management for {OFDMA}-based macro-and femtocell networks},
  author={Rodrigues, Emanuel Bezerra},
  year={2011},
  school={Universitat Polit{\`e}cnica de Catalunya}
}

@article{shenker1995fundamental,
  title={Fundamental design issues for the future {Internet}},
  author={Shenker, Scott},
  journal={Selected Areas in Communications, IEEE Journal on},
  volume={13},
  number={7},
  pages={1176--1188},
  year={1995},
  publisher={IEEE}
}

@inproceedings{song2004joint,
	title={Joint channel-aware and queue-aware data scheduling in multiple shared wireless channels},
	author={Song, Guocong and Li, Ye Geoffrey and Cimini Jr, Leonard J and Zheng, Haitao},
	booktitle={Wireless Communications and Networking Conference, 2004. WCNC. 2004 IEEE},
	volume={3},
	pages={1939--1944},
	year={2004},
	organization={IEEE}
}

@inproceedings{iturralde2011performance,
  title={Performance study of multimedia services using virtual token mechanism for resource allocation in {LTE} networks},
  author={Iturralde, Mauricio and Yahiya, Tara Ali and Wei, Anne and Beylot, Andre-Luc},
  booktitle={Vehicular Technology Conference (VTC Fall), 2011 IEEE},
  pages={1--5},
  year={2011},
  organization={IEEE}
}

@inproceedings{ameigeiras2004performance,
  title={Performance of the {M-LWDF} scheduling algorithm for streaming services in {HSDPA}},
  author={Ameigeiras, Pablo and Wigard, Jeroen and Mogensen, Preben},
  booktitle={Vehicular technology conference, 2004. VTC2004-Fall. 2004 IEEE 60th},
  volume={2},
  pages={999--1003},
  year={2004},
  organization={IEEE}
}

@article{shakkottai2002scheduling,
	title={Scheduling for multiple flows sharing a time-varying channel: The exponential rule},
	author={Shakkottai, Sanjay and Stolyar, Alexander L},
	journal={Translations of the American Mathematical Society-Series 2},
	volume={207},
	pages={185--202},
	year={2002},
	publisher={Providence [etc.] American Mathematical Society, 1949-}
}

@TechReport{3gpp.36.814,
	Title                    = {{Evolved Universal Terrestrial Radio Access {(E-UTRA)}; Further advancements for {E-UTRA} physical layer aspects}},
	Author                   = {3GPP},
	Institution              = {{3rd Generation Partnership Project (3GPP)}},
	Year                     = {2010},
	Month                    = mar,
	Number                   = {{36.814}},
	Type                     = {TR},
	
	Days                     = {30},
	Url                      = {http://www.3gpp.org/ftp/Specs/html-info/36814.htm}
}

@Book{Book:Pelcat2013,
	Title                    = {Physical Layer Multi-Core Prototyping - A Dataflow-Based Approach for {LTE} {eNodeB}},
	Author                   = {Maxime Pelcat and Slaheddine Aridhi and Jonathan Piat},
	Publisher                = ED_SPRINGER,
	Year                     = {2013},
	Edition                  = {1st}
}

@InProceedings{Gunnarsson2008,
	Title                    = {Downtilted Base Station Antennas - A Simulation Model Proposal and Impact on {HSPA} and {LTE} Performance},
	Author                   = {Gunnarsson, F. and Johansson, M.N. and Furuskar, A and Lundevall, M. and Simonsson, A and Tidestav, C. and Blomgren, M.},
	Booktitle                = IEEE_VTC,
	Year                     = {2008},
	Month                    = sep,
	Pages                    = {1--5},
	
	Doi                      = {10.1109/VETECF.2008.49},
	ISSN                     = {1090-3038}
}

@TechReport{3gpp.25.814,
	Title                    = {{Physical layer aspect for evolved Universal Terrestrial Radio Access (UTRA)}},
	Author                   = {3GPP},
	Institution              = {{3rd Generation Partnership Project (3GPP)}},
	Year                     = {2006},
	Month                    = oct,
	Number                   = {{25.814}},
	Type                     = {TR},
	
	Days                     = {13},
	Url                      = {http://www.3gpp.org/ftp/Specs/html-info/25814.htm}
}

@TechReport{3gpp.25.943,
	Title                    = {{Deployment aspects}},
	Author                   = {3GPP},
	Institution              = {{3rd Generation Partnership Project (3GPP)}},
	Year                     = {2009},
	Month                    = dec,
	Number                   = {{25.943}},
	Type                     = {TR},
	
	Days                     = {29},
	Url                      = {http://www.3gpp.org/ftp/Specs/html-info/25943.htm}
}

@book{dahlman20134g,
  title={{4G}: {LTE}/{LTE}-{Advanced} for mobile broadband},
  author={Dahlman, Erik and Parkvall, Stefan and Skold, Johan},
  year={2013},
  publisher={Academic press}
}

@article{ghosh2010lte,
  title={{LTE}-advanced: next-generation wireless broadband technology {[Invited Paper]}},
  author={Ghosh, Amitava and Ratasuk, Rapeepat and Mondal, Bishwarup and Mangalvedhe, Nitin and Thomas, Tim},
  journal={IEEE Wireless Communications},
  volume={17},
  number={3},
  pages={10--22},
  year={2010},
  publisher={IEEE}
}

@TECHREPORT{3gpp.36.213,
	author = {3GPP},
	title = {{Evolved Universal Terrestrial Radio Access (E-UTRA); Physical layer
	procedures}},
	institution = {{3rd Generation Partnership Project (3GPP)}},
	year = {2010},
	type = {TS},
	number = {{36.213}},
	month = oct,
	days = {3},
	url = {http://www.3gpp.org/ftp/Specs/html-info/36213.htm}
}

@TECHREPORT{3gpp.36.942,
	author = {3GPP},
	title = {{Evolved Universal Terrestrial Radio Access (E-UTRA); Radio Frequency
	(RF) system scenarios}},
	institution = {{3rd Generation Partnership Project (3GPP)}},
	year = {2012},
	type = {TR},
	number = {{36.942}},
	month = jul,
	days = {13},
	url = {http://www.3gpp.org/ftp/Specs/html-info/36942.htm}
}

@PhdThesis{Phd:Emanuel2011,
	Title                    = {{A}daptive {R}adio {R}esource {M}anagement for {OFDMA}-{B}ased {M}acro- and {F}emtocell {N}etworks},
	Author                   = {Emanuel Bezerra Rodrigues},
	School                   = {Universitat Polit\`{e}cnica de Catalunya},
	Year                     = {2011},
	
	Address                  = {Barcelona, Spain}
}

@article{papoulis1985probability,
  title={Probability, random variables, and stochastic processes},
  author={Papoulis, Athanasios and Pillai, S Unnikrishna},
  journal={McGraw-Hill},
  year={1985}
}

@article{osseiran2014scenarios,
  title={Scenarios for 5G mobile and wireless communications: the vision of the METIS project},
  author={Osseiran, Afif and Boccardi, Federico and Braun, Volker and Kusume, Katsutoshi and Marsch, Patrick and Maternia, Michal and Queseth, Olav and Schellmann, Malte and Schotten, Hans and Taoka, Hidekazu and others},
  journal={Communications Magazine, IEEE},
  volume={52},
  number={5},
  pages={26--35},
  year={2014},
  publisher={IEEE}
}