%MEUS PADRÕES DE REFERENCIAS
%
%Artigos => Ultimo_Nome_Primeiro_Autor:Ano(aa)
%Conferencias(Sem Proceedings)=> Ultimo_Nome_Primeiro_Autor:Conferenc_Ano(aa)
%Inproceedings => Ultimo_Nome_Primeiro_Autor:Conferenc_Ano(aa)
%Teses e Dissertações => Ultimo_Nome_Autor:Universidade_Ano(aa)
%Books => Ultimo_Nome_Primeiro_Autor:Ano(aa)
%OBS: Mesmo autor  e ano => Ultimo_Nome_Primeiro_Autor_a:Ano(aa)
%

@BOOK{Oetiker:1995,
  AUTHOR =       {Tobias Oetiker and Hubert Partl and Irene Hyna and Elisabeth Schlegl},
  editor =       {},
  TITLE =        {Uma não tão pequena introdução ao LaTex},
  PUBLISHER =    {Free Software Foundation},
  YEAR =         {2007},
  volume =       {4.20.1},
  number =       {},
  series =       {},
  address =      {},
  edition =      {},
  month =        {Setembro},
  note =         {},
  abstract =     {},
  isbn =         {},
  price =        {},
  keywords =     {},
  source =       {},
}